<?xml version="1.0" encoding="UTF-8"?><record xmlns="http://www.loc.gov/MARC21/slim" xmlns:cinclude="http://apache.org/cocoon/include/1.0" xmlns:zs="http://www.loc.gov/zing/srw/">
  <leader>00627cz  a2200193n  4500</leader>
  <controlfield tag="001">n  96108552 </controlfield>
  <controlfield tag="003">DLC</controlfield>
  <controlfield tag="005">20010320071746.0</controlfield>
  <controlfield tag="008">961107nc acaabaaan          |a ana      </controlfield>
  <datafield tag="010" ind1=" " ind2=" ">
    <subfield code="a">n  96108552 </subfield>
  </datafield>
  <datafield tag="035" ind1=" " ind2=" ">
    <subfield code="a">(OCoLC)oca04203129</subfield>
  </datafield>
  <datafield tag="040" ind1=" " ind2=" ">
    <subfield code="a">DLC</subfield>
    <subfield code="b">eng</subfield>
    <subfield code="c">DLC</subfield>
    <subfield code="d">OCoLC</subfield>
  </datafield>
  <datafield tag="130" ind1=" " ind2="0">
    <subfield code="a">Shenzhou wen hua ji cheng.</subfield>
    <subfield code="p">Wen hua jiao liu lei</subfield>
  </datafield>
  <datafield tag="430" ind1=" " ind2="0">
    <subfield code="w">nnea</subfield>
    <subfield code="a">Shen-chou wen hua chi chĘťeng.</subfield>
    <subfield code="p">Wen hua chiao liu lei</subfield>
  </datafield>
  <datafield tag="643" ind1=" " ind2=" ">
    <subfield code="a">Peking</subfield>
    <subfield code="b">Xin hua chu ban she</subfield>
  </datafield>
  <datafield tag="644" ind1=" " ind2=" ">
    <subfield code="a">f</subfield>
    <subfield code="5">DLC</subfield>
  </datafield>
  <datafield tag="645" ind1=" " ind2=" ">
    <subfield code="a">t</subfield>
    <subfield code="5">DLC</subfield>
  </datafield>
  <datafield tag="646" ind1=" " ind2=" ">
    <subfield code="a">s</subfield>
    <subfield code="5">DLC</subfield>
  </datafield>
  <datafield tag="670" ind1=" " ind2=" ">
    <subfield code="a">Chung Yin wen hua chiao liu shih, 1991:</subfield>
    <subfield code="b">cover p. 4 (Shen-chou wen hua chi chĘťeng. Wen hua chiao liu lei)</subfield>
  </datafield>
</record>